<collection xmlns="http://www.loc.gov/MARC21/slim">
<record>
  <leader>01331nam0a22002651i 450 </leader>
  <controlfield tag="001">IT\ICCU\CNCE\058129</controlfield>
  <controlfield tag="005">20170908000000.0</controlfield>
  <datafield tag="012" ind1=" " ind2=" ">
    <subfield code="a">a-no sia- o.co qu&amp;g (3) 1547 (R)</subfield>
    <subfield code="2">fei</subfield>
  </datafield>
  <datafield tag="100" ind1=" " ind2=" ">
    <subfield code="a">20040512d1547        0itac0103    ba</subfield>
  </datafield>
  <datafield tag="101" ind1=" " ind2=" ">
    <subfield code="a">ITA</subfield>
  </datafield>
  <datafield tag="102" ind1=" " ind2=" ">
    <subfield code="a">IT</subfield>
  </datafield>
  <datafield tag="200" ind1="1" ind2=" ">
    <subfield code="a">Paris e Uiena. Inamoramento delli nobilissimi amanti Paris e Uiena. Nuouamente stampato e con diligentia corretto</subfield>
  </datafield>
  <datafield tag="210" ind1=" " ind2=" ">
    <subfield code="d">1547</subfield>
    <subfield code="e">Milano</subfield>
    <subfield code="g">per Io. Antonio da Borgo</subfield>
    <subfield code="h">su&apos;l Corso di Porta Tosa</subfield>
    <subfield code="h">nelli anni del Signore</subfield>
    <subfield code="h">1547</subfield>
  </datafield>
  <datafield tag="215" ind1=" " ind2=" ">
    <subfield code="a">72 c.</subfield>
    <subfield code="c">ill.</subfield>
    <subfield code="d">8ʻ</subfield>
  </datafield>
  <datafield tag="500" ind1="1" ind2="1">
    <subfield code="3">IT\ICCU\CNCE\027325</subfield>
    <subfield code="a">Paris e Vienna</subfield>
  </datafield>
  <datafield tag="620" ind1=" " ind2=" ">
    <subfield code="a">IT</subfield>
    <subfield code="d">Milano</subfield>
  </datafield>
  <datafield tag="712" ind1="0" ind2="0">
    <subfield code="a">Borgo, Giovanni Antonio</subfield>
    <subfield code="3">IT\ICCU\CNCT\000048</subfield>
    <subfield code="4">650</subfield>
  </datafield>
  <datafield tag="791" ind1="0" ind2="0">
    <subfield code="a">Borgio, Antonio</subfield>
    <subfield code="3">IT\ICCU\CNCT\003623</subfield>
    <subfield code="z">Borgo, Giovanni Antonio</subfield>
  </datafield>
  <datafield tag="791" ind1="0" ind2="0">
    <subfield code="a">Burgius, Antonius</subfield>
    <subfield code="3">IT\ICCU\CNCT\004753</subfield>
    <subfield code="z">Borgo, Giovanni Antonio</subfield>
  </datafield>
  <datafield tag="791" ind1="0" ind2="0">
    <subfield code="a">Borgia, Giovanni Antonio</subfield>
    <subfield code="3">IT\ICCU\CNCT\004754</subfield>
    <subfield code="z">Borgo, Giovanni Antonio</subfield>
  </datafield>
  <datafield tag="791" ind1="0" ind2="0">
    <subfield code="a">Burgo, Ioannes Antonius de</subfield>
    <subfield code="3">IT\ICCU\CNCT\004755</subfield>
    <subfield code="z">Borgo, Giovanni Antonio</subfield>
  </datafield>
  <datafield tag="791" ind1="0" ind2="2">
    <subfield code="a">Ioannes Antonio da Borgho</subfield>
    <subfield code="3">IT\ICCU\CNCT\004756</subfield>
    <subfield code="z">Borgo, Giovanni Antonio</subfield>
  </datafield>
  <datafield tag="801" ind1=" " ind2="3">
    <subfield code="a">IT</subfield>
    <subfield code="b">ICCU</subfield>
    <subfield code="c">20201115</subfield>
  </datafield>
  <datafield tag="911" ind1=" " ind2=" ">
    <subfield code="a">Nel coloph.</subfield>
    <subfield code="9">IT\ICCU\CNCM\001084</subfield>
  </datafield>
  <datafield tag="921" ind1=" " ind2=" ">
    <subfield code="a">IT\ICCU\CNCM\001084</subfield>
    <subfield code="b">Ges ̮bambino benedicente con globo sormontato da croce nella mano sinistra</subfield>
    <subfield code="c">Z609</subfield>
    <subfield code="d">Dimensioni: 4 x 4</subfield>
    <subfield code="f">GESU&apos;</subfield>
    <subfield code="f">GLOBO</subfield>
    <subfield code="f">DOPPIACROC</subfield>
    <subfield code="g">1536-1546</subfield>
  </datafield>
</record>
</collection>
